<record><leader>00000cas a22000007a 4500</leader><controlfield tag="001">21454838</controlfield><controlfield tag="008">900430c19659999nyudr n       0   a0eng c</controlfield><datafield ind1=" " ind2=" " tag="010"><subfield code="a">sn 90001345 </subfield></datafield><datafield ind1=" " ind2=" " tag="040"><subfield code="a">NSD</subfield><subfield code="b">eng</subfield><subfield code="c">NSD</subfield><subfield code="d">NYS</subfield><subfield code="d">NSD</subfield><subfield code="d">OCL</subfield><subfield code="d">NYS</subfield><subfield code="d">OCLCQ</subfield><subfield code="d">YAH</subfield><subfield code="d">OCLCF</subfield><subfield code="d">OCLCO</subfield></datafield><datafield ind1=" " ind2=" " tag="012"><subfield code="j">0</subfield><subfield code="m">1</subfield></datafield><datafield ind1=" " ind2=" " tag="019"><subfield code="a">17194868</subfield></datafield><datafield ind1="1" ind2=" " tag="022"><subfield code="a">1050-1983</subfield><subfield code="l">1050-1983</subfield><subfield code="2">1</subfield></datafield><datafield ind1="1" ind2=" " tag="029"><subfield code="a">AU@</subfield><subfield code="b">000025900664</subfield></datafield><datafield ind1=" " ind2=" " tag="032"><subfield code="a">586160</subfield><subfield code="b">USPS</subfield></datafield><datafield ind1=" " ind2=" " tag="037"><subfield code="b">Corning Publishers, Inc., 34 W. Pulteney St., Corning, NY 14830</subfield></datafield><datafield ind1=" " ind2=" " tag="042"><subfield code="a">nsdp</subfield><subfield code="a">pcc</subfield></datafield><datafield ind1="0" ind2=" " tag="130"><subfield code="a">Leader (Corning, N.Y.)</subfield></datafield><datafield ind1=" " ind2="4" tag="222"><subfield code="a">The Leader</subfield><subfield code="b">(Corning, N.Y.)</subfield></datafield><datafield ind1="0" ind2="4" tag="245"><subfield code="a">The leader.</subfield></datafield><datafield ind1="3" ind2="0" tag="246"><subfield code="a">Leader-star-gazette</subfield></datafield><datafield ind1="3" ind2="0" tag="246"><subfield code="a">Leader star-gazette</subfield></datafield><datafield ind1=" " ind2=" " tag="260"><subfield code="a">Corning, N.Y. :</subfield><subfield code="b">Corning Publishers</subfield></datafield><datafield ind1=" " ind2=" " tag="300"><subfield code="a">v.</subfield></datafield><datafield ind1=" " ind2=" " tag="310"><subfield code="a">Daily,</subfield><subfield code="b">&lt;Apr. 1990&gt;-</subfield></datafield><datafield ind1=" " ind2=" " tag="321"><subfield code="a">Daily (except Sundays and holidays),</subfield><subfield code="b">1965-&lt;July 3, 1976&gt;</subfield></datafield><datafield ind1="0" ind2=" " tag="362"><subfield code="a">Vol. 1, no. 1 (Sept. 24, 1965)-</subfield></datafield><datafield ind1=" " ind2=" " tag="500"><subfield code="a">Special combined flood ed. published June 24, 1972, with title: Leader-Star-gazette.</subfield></datafield><datafield ind1=" " ind2=" " tag="515"><subfield code="a">No issues published: June 23 and 26-27, 1972, due to flood.</subfield></datafield><datafield ind1=" " ind2="4" tag="651"><subfield code="a">Corning (N.Y.)</subfield><subfield code="v">Newspapers.</subfield></datafield><datafield ind1=" " ind2="4" tag="651"><subfield code="a">Steuben County (N.Y.)</subfield><subfield code="v">Newspapers.</subfield></datafield><datafield ind1=" " ind2="0" tag="651"><subfield code="a">Corning (N.Y.)</subfield><subfield code="x">Newspapers.</subfield></datafield><datafield ind1=" " ind2="0" tag="651"><subfield code="a">Steuben County (N.Y.)</subfield><subfield code="x">Newspapers.</subfield></datafield><datafield ind1=" " ind2="7" tag="655"><subfield code="a">Newspapers.</subfield><subfield code="2">fast</subfield><subfield code="0">(OCoLC)fst01423814</subfield></datafield><datafield ind1=" " ind2="7" tag="651"><subfield code="a">New York (State)</subfield><subfield code="z">Corning.</subfield><subfield code="2">fast</subfield><subfield code="0">(OCoLC)fst01207976</subfield></datafield><datafield ind1=" " ind2="7" tag="651"><subfield code="a">New York (State)</subfield><subfield code="z">Steuben County.</subfield><subfield code="2">fast</subfield><subfield code="0">(OCoLC)fst01216870</subfield></datafield><datafield ind1=" " ind2=" " tag="752"><subfield code="a">United States</subfield><subfield code="b">New York</subfield><subfield code="c">Steuben</subfield><subfield code="d">Corning.</subfield></datafield><datafield ind1="0" ind2="0" tag="780"><subfield code="t">Corning leader</subfield><subfield code="w">(DLC)sn 92061782</subfield><subfield code="w">(OCoLC)25624202</subfield></datafield></record>